<record><leader>00000cas a2200000 a 4500</leader><controlfield tag="001">27826374</controlfield><controlfield tag="008">930330d19251979okucr ne      0    0eng d</controlfield><datafield ind1=" " ind2=" " tag="010"><subfield code="a">sn 95076317 </subfield></datafield><datafield ind1=" " ind2=" " tag="040"><subfield code="a">OKN</subfield><subfield code="b">eng</subfield><subfield code="c">OKN</subfield><subfield code="d">OBN</subfield><subfield code="d">OCL</subfield><subfield code="d">OCLCQ</subfield><subfield code="d">OCLCF</subfield><subfield code="d">OCLCO</subfield></datafield><datafield ind1="1" ind2=" " tag="029"><subfield code="a">AU@</subfield><subfield code="b">000012176596</subfield></datafield><datafield ind1=" " ind2=" " tag="042"><subfield code="a">msc</subfield></datafield><datafield ind1=" " ind2=" " tag="043"><subfield code="a">n-us-ok</subfield></datafield><datafield ind1="0" ind2=" " tag="130"><subfield code="a">Broken Arrow ledger (Broken Arrow, Okla. : 1925)</subfield></datafield><datafield ind1="1" ind2="0" tag="245"><subfield code="a">Broken Arrow ledger.</subfield></datafield><datafield ind1="3" ind2=" " tag="246"><subfield code="a">Ledger-democrat</subfield></datafield><datafield ind1="3" ind2=" " tag="246"><subfield code="a">Monday</subfield></datafield><datafield ind1=" " ind2=" " tag="260"><subfield code="a">Broken Arrow, Tulsa County, Okla. :</subfield><subfield code="b">Mary E. Shores</subfield></datafield><datafield ind1=" " ind2=" " tag="300"><subfield code="a">v.</subfield></datafield><datafield ind1=" " ind2=" " tag="310"><subfield code="a">Semiweekly,</subfield><subfield code="b">Jan. 1, 1976-Mar. 29, 1979</subfield></datafield><datafield ind1=" " ind2=" " tag="321"><subfield code="a">Weekly,</subfield><subfield code="b">Sep. 10, 1925-Dec. 25, 1975</subfield></datafield><datafield ind1="0" ind2=" " tag="362"><subfield code="a">Vol. 23, no. 15 (Sep. 10, 1925)-v. 77, no. 7 (Mar. 29, 1979).</subfield></datafield><datafield ind1=" " ind2="0" tag="651"><subfield code="a">Broken Arrow (Okla.)</subfield><subfield code="v">Newspapers.</subfield></datafield><datafield ind1=" " ind2="0" tag="651"><subfield code="a">Tulsa County (Okla.)</subfield><subfield code="v">Newspapers.</subfield></datafield><datafield ind1=" " ind2="7" tag="655"><subfield code="a">Newspapers.</subfield><subfield code="2">fast</subfield><subfield code="0">(OCoLC)fst01423814</subfield></datafield><datafield ind1=" " ind2="7" tag="651"><subfield code="a">Oklahoma</subfield><subfield code="z">Broken Arrow.</subfield><subfield code="2">fast</subfield><subfield code="0">(OCoLC)fst01236703</subfield></datafield><datafield ind1=" " ind2="7" tag="651"><subfield code="a">Oklahoma</subfield><subfield code="z">Tulsa County.</subfield><subfield code="2">fast</subfield><subfield code="0">(OCoLC)fst01220997</subfield></datafield><datafield ind1=" " ind2=" " tag="752"><subfield code="a">United States</subfield><subfield code="b">Oklahoma</subfield><subfield code="c">Tulsa</subfield><subfield code="d">Broken Arrow.</subfield></datafield><datafield ind1="0" ind2="0" tag="780"><subfield code="t">Ledger-democrat (Broken Arrow, Okla.)</subfield><subfield code="w">(DLC)sn 95076316</subfield><subfield code="w">(OCoLC)33490539</subfield></datafield><datafield ind1="0" ind2="0" tag="785"><subfield code="t">Broken Arrow daily ledger</subfield><subfield code="w">(DLC)sn 95076318</subfield><subfield code="w">(OCoLC)33663411</subfield></datafield></record>